@misc{zhang2023adding,
  title={Adding Conditional Control to Text-to-Image Diffusion Models}, 
  author={Lvmin Zhang and Anyi Rao and Maneesh Agrawala},
  booktitle={IEEE International Conference on Computer Vision (ICCV)},
  year={2023},
}
@article{mou2023t2i,
  title={T2i-adapter: Learning adapters to dig out more controllable ability for text-to-image diffusion models},
  author={Mou, Chong and Wang, Xintao and Xie, Liangbin and Wu, Yanze and Zhang, Jian and Qi, Zhongang and Shan, Ying and Qie, Xiaohu},
  journal={arXiv preprint arXiv:2302.08453},
  year={2023}
}

@article{li2023gligen,
  author      = {Li, Yuheng and Liu, Haotian and Wu, Qingyang and Mu, Fangzhou and Yang, Jianwei and Gao, Jianfeng and Li, Chunyuan and Lee, Yong Jae},
  title       = {GLIGEN: Open-Set Grounded Text-to-Image Generation},
  publisher   = {arXiv:2301.07093},
  year        = {2023},
}

@inproceedings{cyclediffusion,
  title={Unifying Diffusion Models' Latent Space, with Applications to {CycleDiffusion} and Guidance},
  author={Chen Henry Wu and Fernando De la Torre},
  booktitle={ArXiv},
  year={2022},
}

@inproceedings{
      su2022dual,
      title={Dual Diffusion Implicit Bridges for Image-to-Image Translation},
      author={Su, Xuan and Song, Jiaming and Meng, Chenlin and Ermon, Stefano},
      booktitle={International Conference on Learning Representations},
      year={2023},
}

@misc{sasaki2021unitddpm,
      title={UNIT-DDPM: UNpaired Image Translation with Denoising Diffusion Probabilistic Models}, 
      author={Hiroshi Sasaki and Chris G. Willcocks and Toby P. Breckon},
      year={2021},
      eprint={2104.05358},
      archivePrefix={arXiv},
      primaryClass={cs.CV}
}

@misc{zhu2020unpaired,
      title={Unpaired Image-to-Image Translation using Cycle-Consistent Adversarial Networks}, 
      author={Jun-Yan Zhu and Taesung Park and Phillip Isola and Alexei A. Efros},
      year={2020},
      eprint={1703.10593},
      archivePrefix={arXiv},
      primaryClass={cs.CV}
}

@misc{schuhmann2022laion5b,
      title={LAION-5B: An open large-scale dataset for training next generation image-text models}, 
      author={Christoph Schuhmann and Romain Beaumont and Richard Vencu and Cade Gordon and Ross Wightman and Mehdi Cherti and Theo Coombes and Aarush Katta and Clayton Mullis and Mitchell Wortsman and Patrick Schramowski and Srivatsa Kundurthy and Katherine Crowson and Ludwig Schmidt and Robert Kaczmarczyk and Jenia Jitsev},
      year={2022},
      eprint={2210.08402},
      archivePrefix={arXiv},
      primaryClass={cs.CV}
}

@misc{kakaobrain2022coyo-700m,
  title         = {COYO-700M: Image-Text Pair Dataset},
  author        = {Byeon, Minwoo and Park, Beomhee and Kim, Haecheon and Lee, Sungjun and Baek, Woonhyuk and Kim, Saehoon},
  year          = {2022},
  howpublished  = {\url{https://github.com/kakaobrain/coyo-dataset}},
}

@inproceedings{meng2022sdedit,
      title={{SDE}dit: Guided Image Synthesis and Editing with Stochastic Differential Equations},
      author={Chenlin Meng and Yutong He and Yang Song and Jiaming Song and Jiajun Wu and Jun-Yan Zhu and Stefano Ermon},
      booktitle={International Conference on Learning Representations},
      year={2022},
}

@INPROCEEDINGS{5206848,
  author={Deng, Jia and Dong, Wei and Socher, Richard and Li, Li-Jia and Kai Li and Li Fei-Fei},
  booktitle={2009 IEEE Conference on Computer Vision and Pattern Recognition}, 
  title={ImageNet: A large-scale hierarchical image database}, 
  year={2009},
  volume={},
  number={},
  pages={248-255},
  keywords={Large-scale systems;Image databases;Explosions;Internet;Robustness;Information retrieval;Image retrieval;Multimedia databases;Ontologies;Spine},
  doi={10.1109/CVPR.2009.5206848}}

@misc{yu2020bdd100k,
      title={BDD100K: A Diverse Driving Dataset for Heterogeneous Multitask Learning}, 
      author={Fisher Yu and Haofeng Chen and Xin Wang and Wenqi Xian and Yingying Chen and Fangchen Liu and Vashisht Madhavan and Trevor Darrell},
      year={2020},
      eprint={1805.04687},
      archivePrefix={arXiv},
      primaryClass={cs.CV}
}

@misc{bijelic2020seeing,
      title={Seeing Through Fog Without Seeing Fog: Deep Multimodal Sensor Fusion in Unseen Adverse Weather}, 
      author={Mario Bijelic and Tobias Gruber and Fahim Mannan and Florian Kraus and Werner Ritter and Klaus Dietmayer and Felix Heide},
      year={2020},
      eprint={1902.08913},
      archivePrefix={arXiv},
      primaryClass={cs.CV}
}

@misc{heusel2018gans,
      title={GANs Trained by a Two Time-Scale Update Rule Converge to a Local Nash Equilibrium}, 
      author={Martin Heusel and Hubert Ramsauer and Thomas Unterthiner and Bernhard Nessler and Sepp Hochreiter},
      year={2018},
      eprint={1706.08500},
      archivePrefix={arXiv},
      primaryClass={cs.LG}
}

@misc{tumanyan2022splicing,
      title={Splicing ViT Features for Semantic Appearance Transfer}, 
      author={Narek Tumanyan and Omer Bar-Tal and Shai Bagon and Tali Dekel},
      year={2022},
      eprint={2201.00424},
      archivePrefix={arXiv},
      primaryClass={cs.CV}
}

@misc{zhang2018unreasonable,
      title={The Unreasonable Effectiveness of Deep Features as a Perceptual Metric}, 
      author={Richard Zhang and Phillip Isola and Alexei A. Efros and Eli Shechtman and Oliver Wang},
      year={2018},
      eprint={1801.03924},
      archivePrefix={arXiv},
      primaryClass={cs.CV}
}